2212 3908
115 315 151 373 n
308 376 312 383 ,
371 318 575 375 orennours
593 316 741 389 onruo

116 458 203 557 grini
230 490 333 556 reges
361 471 490 540 Romw
517 471 669 556 fuerunt,
699 492 806 558 *quem
834 469 1006 539 oonsulem

76 569 247 638 23Romae
262 571 367 639 fouisse
381 572 605 660 peregrinum.
648 572 736 638 Hoo
757 574 870 658 dieo,
891 572 1006 658 iuquit,

116 679 158 739 to
190 693 286 740 esse
318 694 374 754 ex„
397 673 631 760 munioipio.
685 673 826 757 Fateor,
858 680 893 740 et
920 674 1007 738 addo

91 794 94 801 ·
118 773 238 858 etiem,
260 796 304 841 ex
320 796 361 841 eo
377 773 570 860 munioipio‚
593 775 682 839 unde
696 773 815 839 iterum
830 774 899 839 iam
916 775 1008 841 selue
1044 823 1047 827 .

117 874 195 943 huie
214 874 288 942 urbi
308 875 511 962 imperioque
533 875 637 968 rniesa
658 882 719 941 est.
763 872 834 939 Sed
855 876 942 942 eoire
966 897 1010 942 ex

117 986 152 1044 te
182 977 360 1062 pervelim,
404 975 618 1063 quamobrem
656 975 711 1062 qui
745 995 789 1040 ex
823 975 1008 1061 munioipiie

119 1077 269 1162 veniant,
301 1078 470 1164 peregrini
497 1076 557 1143 tibi
585 1098 662 1142 ease
690 1077 877 1143 videantur:
909 1097 1009 1142 nemo

120 1179 207 1246 enim
228 1180 314 1248 istuo
335 1179 381 1245 Μ.
402 1179 451 1245 illi
471 1178 591 1247 Oatoni
612 1177 699 1263 seui,
730 1197 829 1266 quum
850 1176 1009 1263 plurimos

81 1272 85 1279 ¹
118 1280 261 1350 heberet
280 1281 447 1366 inimioos‚
469 1303 567 1347 nemo
588 1280 644 1347 Ti.
664 1279 890 1364 Oorunoanio,
911 1299 1010 1345 nemo

120 1382 166 1450 Μ’
180 1382 290 1467 Curio,
312 1405 411 1450 nemo
425 1383 501 1451 huie
511 1383 575 1470 ipsi
589 1390 702 1448 nostro
720 1382 758 1448 Ο.
769 1381 887 1464 Mario,
911 1402 1011 1467 quunr

122 1485 154 1552 ei
174 1485 268 1552 multi
287 1483 490 1568 inviderent,
512 1484 634 1550 obieoit
652 1503 806 1569 unquam.
848 1481 1011 1567 Equidem

120 1587 336 1654 vehementer
350 1585 476 1667 laetor,
499 1605 575 1648 eum
595 1603 673 1647 esse
695 1603 769 1667 me,
789 1583 822 1647 in
843 1604 942 1669 quem
962 1590 1010 1665 tu,

121 1709 220 1774 quum
241 1705 400 1772 euperee,
419 1683 546 1750 nullam
567 1683 800 1750 oonturneliam
820 1683 936 1749 iaoere
956 1706 1014 1768 po·

100 1788 102 1795 '
121 1785 241 1871 tueris,
275 1806 362 1874 quae
389 1806 456 1851 uon
476 1786 520 1851 ad
541 1785 720 1851 maximam
740 1793 871 1871 partem
893 1778 1012 1850 divium

123 1887 323 1956 eonveniret.
379 1885 449 1954 Sed
474 1896 588 1954 tomen
616 1896 650 1955 te
678 1909 700 1953 a
719 1888 781 1974 'me
801 1910 861 1974 pro
883 1887 1013 1972 magnis
1032 1883 1055 1949 8

124 1991 235 2058 oausis
263 1997 400 2056 nostrae
425 1988 682 2054 necessitudinis
709 1991 908 2055 monendum
935 2009 1015 2054 eoae

125 2091 227 2158 etiarn
249 2098 350 2176 etque
372 2086 473 2154 etiem
494 2096 583 2174 puto.
636 2088 710 2153 Non
732 2098 871 2174 possunt
897 2110 1014 2156 omnes

126 2213 204 2258 erse
224 2189 373 2277 patriaii3
395 2187 425 2255 ei
444 2209 561 2256 verum
577 2189 729 2275 quaeris,
750 2211 794 2255 ne
812 2197 930 2256 ourent
948 2190 1015 2277 qui.

126 2295 220 2376 dem,
254 2314 318 2357 neo
341 2312 379 2356 se
401 2290 560 2376 aequales
581 2290 628 2356 tui
648 2298 785 2378 propter
812 2288 912 2357 istam
939 2312 1017 2357 oau-

85 2400 200 2461 adrem
220 2391 283 2460 ebe
303 2403 340 2460 te
361 2391 479 2460 anteiri
500 2400 626 2478 putant.
670 2391 723 2459 Ao
745 2393 774 2457 ei
793 2390 852 2457 tibi
874 2413 936 2457 nos
956 2414 1014 2479 pe·

124 2494 250 2580 regriui
270 2495 434 2579 videmur,
463 2515 600 2580 quorum
619 2495 687 2560 iem
710 2502 745 2561 et
764 2514 886 2558 nomen
907 2503 941 2560 et
960 2496 1015 2559 ho·

126 2617 188 2661 nos
209 2595 405 2663 inveteravit
426 2603 460 2662 et
480 2593 556 2662 huie
577 2594 648 2661 urbi
671 2603 705 2662 et
719 2594 885 2661 hominum
902 2595 1015 2662 fernae

163 2846 171 2860 ο
196 2776 225 2848 d.
244 2780 288 2834 23.
322 2795 410 2861 mmo
433 2778 512 2861 roim
536 2777 624 2835 istun
677 2781 788 2836 Motu.
821 2783 904 2838 eolus
933 2781 1015 2855 quod

128 2863 248 2971 munii.
257 2847 549 2971 &mamitojugiio'
558 2915 652 2970 orell.
671 2931 738 2971 oum
753 2918 895 2973 Ambror.
912 2916 1013 2972 fichol.

131 2991 162 3040 et
178 2987 218 3039 el·
237 2983 331 3040 codd.
349 2989 383 3037 rt.
401 2985 511 3038 Greev.
529 2982 625 3045 Beck„
638 3000 728 3052 quum
751 2992 835 3040 antee
858 2999 1016 3054 perperam

131 3052 313 3108 scriberetur
351 3049 388 3108 T.
428 3047 636 3119 Conmendo,
669 3052 746 3120 quod
779 3053 895 3108 habent
925 3050 1015 3106 eiiam

131 3121 268 3175 Schuetz.
287 3126 317 3175 et
334 3117 445 3174 Maru.
487 3120 570 3174 idem
588 3119 688 3190 paullo
705 3126 857 3190 portuum
875 3120 965 3175 Oreii.
985 3128 1017 3176 et

130 3187 269 3243 Ambroa.
297 3188 398 3244 Schol.
425 3185 508 3242 dedit
532 3185 580 3240 Μ’
608 3185 710 3244 Graio.
755 3188 852 3258 Vulgo
878 3187 1019 3244 omittunt

130 3269 379 3402 oraeffigxim·
419 3323 503 3378 Unur
530 3324 626 3378 Oxou.
649 3323 834 3394 pminorer,
866 3325 946 3394 quod
966 3330 1020 3380 eat

132 3394 361 3582 lgffrfflile
373 3460 410 3520 oi.
444 3428 518 3530 „Ar
533 3458 561 3515 εἰ
577 3474 679 3516 omnes
696 3475 781 3516 meae
798 3467 870 3517 ente
884 3457 1032 3516 namb.“'
