2212 3908
229 331 263 387 Ἄ)
491 331 689 389 CICERONIS
706 333 854 389 oaauto

229 488 399 570 speetatus
429 480 528 566 loris,
572 483 707 550 Lentuli
743 506 873 570 poena-
889 508 1105 571 eompressus

154 583 157 605 '
228 583 390 653 convertit
409 604 448 649 ae
475 582 649 669 aliquando
678 586 721 650 ad
748 587 918 671 timorem,
950 610 1096 676 nunqua

228 687 272 751 ad
299 685 493 765 sanitatem,
531 683 584 750 hio
616 692 735 751 eontra
761 687 809 752 ita
840 689 978 775 quievit,
1011 698 1047 757 ut
1073 712 1106 756 o·

9 825 13 832 —
226 794 377 872 tompore
397 786 487 850 omni
504 786 647 872 Neapoli
668 785 784 871 fuerit,
807 787 863 853 ubi
883 810 992 874 noque
1014 791 1102 869 homi

9 894 18 987 'q
226 910 288 954 nes
314 885 418 954 fuisse
446 895 603 971 putantur
631 886 726 953 huius
753 886 872 954 affines
905 889 1096 973 suspicioni

8 990 16 1069 l
130 1065 133 1067 Α
226 997 262 1054 et
289 988 383 1053 loeus
413 995 465 1053 est
490 985 564 1072 ipse
589 1008 655 1051 non
685 994 754 1052 tam
788 984 837 1053 ad
862 987 1106 1058 inflammando

8 1084 19 1127 ι

225 1191 507 1256 aooommodatus.
752 1266 757 1277 ⁴

290 1289 373 1358 One.
396 1289 453 1360 vl.
480 1291 623 1378 Propter
642 1293 730 1360 haue
751 1293 850 1379 igitur
870 1301 998 1361 tautam
1021 1293 1101 1358 dissi

227 1088 494 1155 calamitosorum
528 1087 656 1153 animos
687 1110 786 1176 quam
818 1092 863 1158 ad
894 1092 1106 1159 oonsolaudo

226 1393 440 1459 militudinem
467 1393 633 1474 homiuum
656 1402 755 1480 atque
778 1416 955 1460 oausarum
977 1394 1103 1461 dissimi

186 1493 293 1560 18lem
321 1515 375 1559 me
402 1493 435 1558 in
463 1501 603 1579 utroque,
628 1494 776 1579 praebui.
830 1494 998 1562 Veniebat
1028 1493 1106 1562 enin

226 1598 270 1661 ad
292 1618 364 1678 me,
393 1603 427 1660 et
449 1614 553 1676 saepe
574 1592 746 1676 veniebat,
777 1593 974 1678 Autronius,
1004 1597 1106 1662 multi

226 1719 301 1762 oum
321 1694 468 1760 laerimis
496 1693 651 1778 supplex,
683 1701 719 1759 ut
746 1695 1047 1779 eedofeuderem,
1081 1719 1100 1763 e

226 1817 264 1862 se
282 1816 393 1862 meum
409 1794 668 1879 eondisoipulum
685 1795 718 1859 in
734 1795 893 1882 pueritia,
914 1796 1079 1863 familiare
1090 1829 1105 1857 ιι

225 1899 259 1963 ἰιι
287 1896 530 1980 adnleseentia,
564 1896 731 1981 collegam
757 1897 790 1962 in
818 1907 1000 1985 quaestura
1026 1920 1101 1965 eom

227 1996 434 2065 memorabat
452 1997 574 2078 fumeo,
602 1998 708 2063 multa
727 2019 805 2064 mea
825 2000 858 2064 iu
880 2022 936 2083 se,
957 1999 1104 2066 nonnull

227 2099 328 2166 etiam
356 2118 419 2162 sna
444 2097 478 2162 in
506 2118 561 2162 mo
589 2096 785 2182 proferebat
814 2097 935 2166 offleia.
989 2100 1106 2174 (luiba

227 2221 291 2286 ego
313 2197 431 2281 rebus,
459 2195 605 2281 iudioes,
631 2198 680 2264 ita
699 2196 862 2264 flectebar
883 2200 991 2264 animo
1015 2208 1105 2287 atqu

225 2298 425 2386 frangebar,
464 2306 501 2366 ut
535 2298 636 2364 etiam
667 2320 711 2364 ex
737 2301 899 2367 memoria
924 2321 1007 2387 quas
1036 2324 1094 2367 rm·

225 2401 289 2490 ipsi
315 2400 448 2468 feoorat
475 2399 611 2465 insidias
641 2401 861 2485 deponerem,
899 2401 1029 2467 utiam
1056 2402 1101 2469 im

226 2502 363 2568 missum
385 2522 463 2567 osse
484 2500 529 2566 ab
551 2523 592 2567 oo
614 2500 652 2567 G.
676 2499 883 2585 Cornelium,
914 2502 969 2588 qui
998 2525 1052 2569 me
1079 2527 1104 2569 ιι

226 2601 361 2668 sedibus
374 2601 476 2683 meis,
497 2602 531 2667 in
546 2611 728 2688 oonspootu
742 2603 854 2670 uxoris
867 2624 965 2669 meae
980 2625 1022 2671 ao
1033 2603 1093 2671 lib

220 2765 330 2859 ¹prienes
347 2783 467 2857 mittere
484 2791 602 2856 poterat
618 2782 808 2840 Autronius?
827 2786 886 2858 (cf.
904 2790 1028 2846 Sallust.
1047 2789 1101 2844 cut

225 2853 367 2978 tull
385 2850 823 2991 ffllisnim'qdllglll'elll
839 2856 1106 2985 ἕέιι.ἶῖἑ“”ὲι’“ἰῗ

225 3007 297 3047 aene
315 2935 457 3067 scriptum
474 2959 705 3069 fuisse’potest,
732 3004 837 3044 vernum
861 2994 899 3045 ab
922 2960 975 3070 iia,
1002 2989 1104 3060 quibu

247 3076 303 3114 uae
319 3056 409 3128 signa
425 3054 685 3126 intelligerentur,
711 3058 923 3127 expllcaudurn
945 3059 1100 3113 eniteretur

225 3077 323 3200 {aare
341 3141 445 3180 vocem
463 3124 547 3177 illam
565 3124 663 3177 delevi
682 3139 748 3178 curn
765 3124 870 3180 Wolff.
890 3133 919 3179 et
936 3127 1045 3179 Matth.

259 3259 267 3276 ι
293 3194 322 3263 q.
340 3195 385 3248 18.
419 3208 495 3266 quas
518 3189 673 3262 mihiipsi
689 3193 821 3262 fecerat.
866 3193 959 3247 codd.
984 3190 1054 3264 aliq.
1079 3210 1097 3267 q

225 3258 299 3344 meld
308 3261 378 3396 ἔγω
387 3262 420 3328 f.
455 3259 984 3340 nod.venea1unacamer21amn.
1003 3278 1031 3334 q.
1047 3260 1106 3346 ips

101 3344 104 3351 ·
225 3326 340 3461 222&
365 3328 650 3450 ⁴SuspleutnrOrell.
670 3334 812 3398 scripturn
828 3327 940 3398 fursee,
958 3345 1035 3402 qaas
1050 3347 1084 3400 ep
1105 3371 1106 3374 ι

292 3461 328 3516 ia
351 3462 470 3518 sedibus
493 3460 575 3519 aete.
626 3461 799 3517 Admodum
824 3462 991 3533 probabilis
1021 3461 1102 3518 lecti

226 3527 366 3588 neaniai
383 3536 444 3599 eat,
462 3529 496 3585 ia
512 3527 638 3587 aedibus
654 3528 737 3586 meis.
772 3528 818 3586 Gt.
836 3531 945 3588 Matth.
962 3533 1001 3587 ed
1017 3530 1049 3586 h.
1067 3533 1091 3587 1.
