2212 3908
319 303 396 359 nno
412 305 448 358 ι’.
466 301 601 358 sunan.
637 291 722 362 onia
738 304 792 363 tv.
970 306 1005 360 tr

110 459 253 540 auersa,
276 454 364 521 etin
386 446 501 540 primia
523 454 571 528 Q.
585 443 803 537 Hortennina3
822 454 883 541 'qui
905 461 1003 543 qnnm

110 552 247 643 proptor
267 558 425 621 honorem
448 577 491 621 ao
511 554 705 641 dignitatem
733 564 836 642 atquo
860 559 1003 624 animum

112 659 267 725 eximium
290 658 323 722 in
343 679 415 723 rem
441 657 626 744 publicam,
659 666 727 724 tum
757 667 892 744 propter
919 682 1005 724 sum-

110 779 200 824 mam
231 758 491 826 familiaritatem
524 760 752 844 nummumque
784 780 932 825 amoram
947 794 954 847 χ
970 762 1003 825 in

109 869 251 946 patrem,
268 869 374 944 tuum,
407 870 476 926 tum
506 861 750 944 communione,
785 858 854 926 tuni
876 862 1004 946 proaui-

109 961 183 1046 pnin
203 962 308 1047 patris
330 963 377 1028 tui
399 960 558 1046 perieulis
581 960 860 1056 commovebatur.
911 961 1002 1047 Ergo

109 1063 204 1128 totino
226 1058 460 1128 coniurationis
483 1062 608 1128 orimen
623 1063 798 1128 defensum
815 1061 865 1125 air
878 1083 919 1155 oo
940 1071 1003 1146 ast,

109 1156 171 1250 qni
192 1163 357 1245 interfuit,
395 1162 450 1246 qni
479 1156 649 1247 cognovit,
688 1164 742 1250 qni
769 1164 938 1256 particeps
952 1246 956 1253 Ι
969 1171 1005 1229 at

111 1264 239 1331 consilii
262 1265 364 1331 vestri
386 1263 448 1328 fnit
470 1271 504 1328 ot
524 1262 666 1343 timoris3
690 1264 783 1327 euius
804 1264 837 1326 in
858 1250 1023 1329 hou‘ori·¹
1077 1280 1079 1284 ⁴

109 1367 199 1432 mino
227 1353 449 1451 propulsando
471 1385 570 1450 quum
593 1370 685 1429 esset
706 1362 936 1449 oopiooissima
957 1375 1005 1431 at-

110 1487 175 1554 qno
205 1460 416 1530 ornatissima
443 1456 567 1549 oratio,
604 1455 718 1530 tame'n
745 1485 810 1528 non
831 1467 937 1530 minus
958 1461 1034 1530 in-‘

112 1566 413 1634 orat-auotoritatie
432 1566 468 1630 in
491 1586 534 1631 oa
554 1585 654 1650 quarn
676 1564 857 1631 facultatis.
910 1566 1003 1655 liiinn

111 1668 220 1753 igitur·
247 1664 497 1751 coniurationis,
542 1688 628 1754 quaa
660 1666 756 1733 faota
771 1675 902 1758 eontra
931 1686 1004 1752 vos,

112 1769 308 1835 dolataad·
330 1790 404 1852 voa,
439 1789 461 1831 a
488 1766 582 1833 vobis
610 1767 742 1853 prolata
770 1778 847 1833 oasa
875 1768 1003 1855 dieitur,

112 1865 177 1955 ago
198 1869 296 1934 tontis
319 1890 396 1933 esee
417 1888 482 1931 non
503 1867 610 1953 potni=
643 1887 709 1931 non
730 1868 829 1932 modo
842 1869 938 1933 'onim
959 1869 1005 1934 ni-

111 1971 159 2037 hil
179 1969 344 2055 comperi,
379 1970 439 2051 aad
460 1968 517 2034 vix-
534 1970 578 2033 ad
599 1989 699 2033 aaron
721 1989 815 2033 mons
838 1968 931 2035 istius
953 1992 1005 2034 an-

72 2070 270 2158 tnapioionis
290 2070 384 2135 fama
396 2068 563 2155 ¹pervenit.
593 2068 677 2142 -uut
698 2068 791 2134 vobio
812 2070 844 2134 in
867 2071 1003 2136 oonsilio
1083 2116 1087 2120 -

112 2173 264 2256 fuorunt,
296 2172 350 2258 qui
379 2170 548 2237 vobiscum
576 2171 635 2234 illa
657 2171 1004 2257 cognorunt‚,qnibns

111 2275 194 2361 ipsis
226 2271 411 2359 perieulum
443 2280 511 2337 tum
544 2270 680 2338 eonflari
711 2260 908 2357 putabatur,
951 2273 1004 2359 qni

113 2373 276 2442 Autronio
304 2394 368 2438 non
391 2373 586 2457 adfuerunt,
617 2371 725 2458 quiin
746 2371 837 2434 illurn
858 2374 1005 2437 testimo-

114 2477 171 2542 nia
193 2470 312 2560 gravia
331 2475 502 2556 dixerunt,
524 2473 610 2537 huno
632 2470 829 2554 defendunt,
852 2472 928 2538 huia
950 2474 1005 2537 ad·

115 2586 210 2660 aunt,
237 2575 271 2639 in
292 2568 557 2660 huius'perionlo
580 2569 770 2658 declarant,
800 2592 838 2636 so
858 2580 923 2637 no'n
946 2573 1006 2663 ori-

114 2679 203 2744 mine
232 2674 482 2760 coniurationis,
512 2696 557 2740 na
584 2675 744 2739 adessent
770 2673 911 2758 noteris5
943 2660 1011 2739 aed'

115 2779 283 2845 hominnm
303 2763 468 2843 nralofioio
490 2777 665 2842 deterritos
693 2795 780 2842 ease.
833 2774 901 2840 Mei
931 2797 1006 2840 oon-

117 2881 245 2946 nnlatus
266 2874 385 2943 autoni-
397 2880 529 2963 teinpus
547 2885 582 2944 ot
600 2876 725 2942 orimen
747 2876 912 2944 maximae
930 2896 1006 2941 oon·

117 2981 288 3048 irnationis
310 2999 332 3043 a
352 3000 407 3044 mo
434 2978 642 3044 defendatur.
693 2976 803 3064 Atque
829 2978 917 3042 inter
943 2978 1004 3041 noe

186 3233 216 3301 t.
226 3235 270 3287 1³.
320 3230 354 3286 ai
369 3230 453 3286 vobio
464 3228 500 3284 ὄπ
515 3226 639 3284 canalio
649 3229 794 3298 firment.
829 3225 905 3280 ndu.
924 3229 1004 3282 lunt.
1048 3278 1055 3285 .

120 3301 280 3385 Cratandr.
328 3315 410 3384 raev.
428 3302 502 3351 Bru.
520 3296 658 3352 Schuetz.
676 3295 788 3349 Matth.
832 3289 894 3375 Qui
910 3294 1006 3350 vobis·

120 3368 472 3489 fflmcsstm‘affflm
487 3426 715 3486 coniurationia.
752 3429 845 3484 Oroll.
870 3426 1007 3495 coniecit,
1082 3471 1084 3475 ,

121 3521 165 3559 or.
180 3498 346 3573 proximor
362 3499 481 3554 cordua.
515 3502 579 3566 Non
596 3499 705 3567 placat.
795 3514 802 3527 ·

837 3584 866 3641 ⁴2
