2212 3908
120 297 166 396 ¹ou
308 332 353 367 ·'
393 293 758 401 momenmentum
823 327 839 355 ’“

131 498 265 580 ceptum
288 496 438 582 erupisse
458 497 492 562 in
514 514 589 562 mco
613 496 787 570 cunsulatd
808 480 1030 583 sempsiJ‘nr'e

131 596 195 662 boc
224 585 472 663 demonstrasse
495 598 598 682 dicis,
633 597 762 663 Sullam
784 599 817 664 in
831 599 896 664 ¹illa
916 583 1023 665 ldisise

131 697 304 782 superiore
334 699 569 765 coniuratione.
622 698 760 765 Scilicet
787 701 816 764 is
845 694 1023 793 sumgs'qui
1056 776 1059 781 ¹

131 797 335 884 existimem,
364 799 425 866 Cn.
447 800 603 866 Pisonem
626 808 661 865 et
683 798 867 864 Catilinam¹
883 804 917 867 et
937 800 1024 889 Ὑήτ-

131 900 298 984 gunteium
317 909 362 986 ,at
390 902 586 967 Autronium
613 899 700 965 nibil·
721 899 905 984 scelerate,
922 901 1036 990 'irihil'

132 1003 293 1066 audacter
320 1002 410 1088 ipsos
438 1024 499 1087 per
528 1022 605 1067 sese
634 1002 705 1067 sine
726 1002 765 1067 P.
789 1000 885 1066 Sulla
905 1001 1023 1068 facere

90 1101 289 1187 capotuisse.
333 1101 386 1169 De
408 1122 471 1191 quo
495 1104 594 1170 etiam
617 1102 645 1168 si
668 1101 740 1190 quis
763 1090 948 1189 dubitasset
969 1114 1025 1167 au·

130 1211 206 1288 toa,
228 1224 329 1289 unm,
347 1206 380 1270 id
397 1207 483 1291 quod
497 1213 531 1272 tu
549 1205 662 1291 arguis
669 1254 679 1290 ,
704 1204 904 1290 cogitasset,
925 1204 1024 1274 noor-

131 1304 223 1370 fccto
245 1314 342 1391 patre
364 1315 420 1373 tuo
444 1308 599 1390 consule,
630 1308 836 1372 descendere
858 1304 1032 1395 Kalendis

131 1405 294 1473 Ianuariis
317 1431 391 1474 cum
412 1409 601 1492 lictoribus,
630 1408 792 1473 sustulisti
812 1409 909 1473 hunc'
922 1408 1035 1497 suspi·'

133 1507 279 1593 cionem,
303 1530 400 1595 quum
419 1511 546 1592 dixisti,
569 1509 673 1588 bunc,
697 1515 732 1572 ut
749 1506 926 1574 Catilinam
940 1508 1025 1574 ”con-

130 1609 239 1674 sulem
258 1608 427 1693 efficeret,
451 1615 568 1673 eontra
583 1615 714 1691 patrem
730 1615 822 1674 tuum
845 1619 967 1694 operas
987 1620 1025 1677 et

35 1696 37 1698 ’
132 1730 266 1774 manum
293 1719 521 1794 comparasse.
575 1709 669 1782 Quod
697 1710 726 1774 si
753 1708 812 1775 tibi
839 1724 902 1795 ego
924 1711 1025 1776 conli-

132 1817 223 1893 leor,
255 1819 295 1876 ¹tu
327 1810 404 1875 mihi
436 1811 603 1876 concedas
634 1825 778 1876 necesse
812 1819 881 1896 est,
924 1808 1024 1897 hune,

133 1931 231 1997 quum
266 1911 431 1980 Catilinae
465 1913 724 1997 suffragaretur,
767 1910 846 1978 nihil
883 1916 925 1978 de
962 1932 1022 1979 sno

136 2012 326 2096 consulatu,
371 2035 466 2100 quem
494 2012 614 2078 iudicio
645 2013 822 2096 amiserat,
864 2035 926 2101 per
957 2017 1023 2081 uim

132 2114 363 2196 recuperando
391 2113 609 2196 cogitavisser
634 2133 748 2197 ¹neque
776 2112 863 2177 enim
885 2112 1023 2181 istorum
1051 2126 1055 2137 '

133 2211 316 2280 facinorum
352 2217 534 2296 tantorum,
578 2221 647 2278 tam
686 2211 847 2278 atrocium
886 2214 1022 2302 crimen,

133 2312 279 2399 iudices,
302 2315 341 2380 P.
364 2313 479 2379 Sullae
501 2325 646 2401 persona
667 2313 814 2400 suscipit.

97 2421 137 2478 69
199 2415 285 2489 ,ura
307 2415 418 2485 XXV.
448 2415 520 2481 lam
549 2413 635 2481 enim
662 2415 802 2499 faciam,
831 2415 1023 2483 criminibus

136 2518 288 2583 omuibus
309 2518 384 2584 fere
405 2517 590 2600 dissolutis,
622 2524 738 2582 contra
760 2527 858 2602 atque
879 2518 912 2582 in
935 2522 1024 2586 cete·

133 2618 181 2683 ris
204 2621 315 2684 causis
337 2618 409 2685 fieri
431 2621 534 2703 solet,
566 2626 602 2683 ut
621 2640 709 2683 nuno
731 2618 870 2705 deniquo
892 2621 935 2685 de
955 2620 1024 2687 vita

133 2720 274 2788 bominis
293 2739 334 2785 ac
351 2722 392 2786 de
410 2719 554 2786 moribus
572 2718 690 2784 dicam.
734 2718 865 2786 Etenim
882 2724 927 2806 dc.
939 2722 1024 2808 prino

136 2821 221 2907 cipio
244 2821 367 2914 studuit
387 2822 515 2887 animus
538 2841 714 2887 occurrere
731 2820 946 2907 magnitudini
962 2824 1024 2889 cri-

75 2963 114 3009 ,v
136 2923 249 3008 minis,
283 2921 481 2988 satisfacere
503 2922 743 3007 exspectationi
763 2924 947 3009 bominum,
981 2928 1022 2990 de

136 3047 191 3091 me
213 3022 336 3111 aliquid
356 3022 446 3110 ipso,
474 3023 529 3110 qui
550 3032 728 3091 accusatus
751 3047 861 3108 eram,
893 3026 1022 3108 ‹licer03

136 3291 289 3362 ‚peculim
314 3294 388 3349 haec
410 3290 534 3348 totidem
556 3281 661 3349 'verbis
687 3298 720 3350 'se
745 3280 912 3364 scripsisse·
960 3291 998 3352 Se

137 3356 250 3430 „diruis
267 3358 383 3416 incerta
400 3368 447 3417 est
464 3364 624 3417 arroteritae
641 3361 711 3417 libri
728 3359 850 3417 illius.“
886 3363 982 3418 Orell.

197 3477 226 3544 ἕ·
246 3474 290 3532 ⁶90
317 3478 559 3554 quiescerem
581 3494 675 3536 mam.
716 3482 811 3537 orell.
838 3495 953 3551 negans
978 3494 991 3534 s

112 3538 305 3612 “maurim
330 3547 433 3607 dicere
448 3547 633 3608 Ciceronem
655 3549 689 3608 h.
704 3550 732 3606 l.
753 3547 908 3621 condisse,
926 3549 955 3600 la
