2212 3908
323 332 401 386 PRO
425 334 459 386 Ρ.
479 331 613 387 SULLA.
652 331 737 388 GAP.
756 336 805 392 Vl.
975 336 1009 391 21

83 560 93 568 ,
121 504 232 549 rorum
255 505 404 549 meorum
427 485 627 571 trucidaret,
649 485 872 552 obliviscerer.
915 487 1010 561 Quae

122 585 150 648 si
183 587 235 654 des
253 606 318 649 uno
346 606 401 651 mc
426 584 625 671 cogitasset,
670 607 736 672 qua
768 587 906 653 mollitia
936 610 1009 654 sum

122 686 222 750 animi
250 707 292 751 ac
319 685 475 770 lenitate,
511 707 674 773 nunquam
704 688 895 754 mehercule
921 688 1009 754 illins

81 786 269 852 19lacrimis
302 809 344 853 ac
373 787 529 874 precibus
560 787 786 871 restitissem3¹
819 791 879 856 sed
911 808 1009 876 quum

121 887 197 953 milri
214 925 215 928 π
230 890 376 974 patriae,
419 910 517 976 quum
553 897 740 955 vestrorum
775 890 1008 976 periculorum,

120 1009 218 1074 quum
246 990 341 1054 huius
368 991 479 1074 urbis,
515 1010 612 1076 quum
639 990 769 1056 illorum
801 991 1010 1057 delubrorum

120 1097 220 1175 atque
246 1090 462 1175 templorum,
495 1111 593 1177 quum
619 1113 795 1177 puerorum
824 1092 1008 1177 infantium,

120 1213 218 1278 quum
255 1197 481 1255 matronarum
512 1213 561 1255 ac
598 1191 759 1275 virginum
792 1192 947 1259 veniebat
976 1194 1025 1259 in¹

120 1300 284 1373 mentem,
316 1299 352 1356 et
379 1311 477 1376 quum
506 1290 584 1357 illae
611 1291 755 1357 infestae
785 1313 827 1357 ac
853 1293 1009 1360 funestae

119 1394 218 1461 faces
253 1390 505 1476 universumque
544 1392 645 1457 totius
681 1392 773 1457 urbis
810 1394 1009 1479 incendium,

119 1516 218 1582 quum
236 1491 323 1576 tela,
352 1513 449 1579 quum
472 1495 615 1577 caedes,
638 1514 741 1580 quum
759 1494 876 1559 civium
899 1517 1008 1580 cruor,

119 1617 218 1682 quum
240 1595 322 1659 ciuis
344 1594 473 1679 patriae
504 1595 630 1659 versari
659 1602 738 1660 aute
764 1595 880 1660 oculos
908 1604 1008 1681 atque

120 1697 264 1760 animum
276 1695 438 1761 memoria
452 1695 616 1761 refricare
633 1705 808 1781 coeperat,
831 1705 900 1763 tum
920 1699 1009 1764 deni-

118 1817 182 1882 que
206 1798 237 1862 ei
257 1795 473 1878 resistebam,
506 1817 615 1881 neque
643 1797 749 1862 solum
776 1797 824 1861 illi
851 1799 937 1862 hosti
965 1820 1008 1864 ac

118 1897 325 1984 parricidae,
368 1897 431 1960 sed
466 1897 517 1960 his
554 1897 656 1962 etiam
686 1897 876 1982 propinquis
907 1897 1006 1982 illius,

118 1996 306 2082 Marcellis,
345 1997 431 2082 patri
460 2005 495 2063 ct
521 1995 620 2083 lilio,
641 2018 790 2083 querum·
806 1994 893 2066 alter
920 2001 1008 2085 apud

118 2121 174 2165 me
194 2099 342 2186 parentis
364 2099 579 2184 gravitatem,
612 2098 699 2164 alter
725 2098 782 2164 lilii
809 2099 1006 2166 suavitatem
1053 2165 1056 2169 ,

118 2199 302 2268 obtinebat:
342 2220 451 2286 neque
482 2222 537 2266 me
564 2198 751 2265 arbitrabar
779 2199 849 2268 sine
878 2223 1006 2271 summo

118 2301 250 2368 scelere
278 2322 396 2387 posse,
428 2303 515 2386 quod
536 2299 735 2366 maleficium
757 2303 791 2366 in
813 2301 886 2367 aliis
907 2302 1006 2368 vindl-

119 2424 270 2485 cassem,
296 2401 439 2467 idemin
460 2402 592 2467 illorum
613 2402 722 2485 socio,
750 2422 850 2488 quum
871 2403 1004 2488 sciram,

77 2504 321 2573 todefenderc,
356 2504 467 2588 Atque
487 2503 576 2567 idem
597 2523 662 2588 ego
683 2521 792 2588 neque
812 2501 852 2572 P.
875 2501 1005 2570 Sullam

118 2605 301 2693 supplicem
323 2603 560 2690 ferre,1ncquo
583 2605 720 2670 cosdem
739 2597 921 2670 Marcellos
942 2626 1003 2691 pro

118 2707 217 2772 huius
239 2705 394 2791 periculis
420 2704 635 2776 lacrimantes
663 2705 855 2792 adspicere,
893 2720 1003 2792 nequa

116 2809 213 2875 huius
234 2806 280 2873 M.
300 2806 503 2890 Messallae,
536 2806 676 2874 bominis
696 2807 897 2890 necessarii,
919 2827 1004 2892 pre-

119 2931 178 2976 ces
195 2910 366 2975 sustinere·
376 2907 484 2992 potui:
507 2928 615 2994 neque
637 2909 723 2974 anim
745 2918 798 2976 est
819 2928 925 2974 causa
944 2908 1003 2971 ad·

117 3018 253 3079 uersata
273 3016 430 3095 naturae,
451 3030 516 3075 nac
536 3009 635 3078 homo
656 3032 720 3077 nac
740 3032 798 3075 res
819 3006 1003 3073 miscricor-

120 3113 195 3179 diac
216 3133 315 3177 meac
334 3109 547 3197 repugnarim
578 3130 738 3197 nusquam
759 3129 896 3191 nomeu,
926 3128 1002 3173 nus·

118 3235 216 3300 quam
231 3213 406 3298 vestigium
420 3211 548 3293 fuerat,
570 3212 695 3279 nullum
712 3211 854 3292 crimen,
875 3207 1000 3275 nullum
1103 3252 1104 3259 κ

117 3314 289 3398 indicium,
311 3312 424 3378 -nulla
456 3311 613 3396 suspicio.
677 3311 819 3396 Suscepi
850 3330 999 3396 causam,

116 3421 397 3545 πρανῆ·
407 3463 522 3520 sciram
562 3467 644 3522 Haeo
660 3461 729 3520 siue
746 3476 832 3520 musa
849 3465 1000 3532 suspectat
1028 3506 1031 3511 .

116 3537 279 3590 Ernestrua.
