2212 3908
303 340 380 394 nno
396 312 433 394 n.
451 337 586 396 sunus.
622 337 708 396 cun.
726 340 805 398 vm.
965 340 1000 398 m

113 512 156 558 uo
188 489 414 575 sermonibus,
451 511 551 578 quom
576 489 636 560 tibi
662 491 738 558 illos
766 492 1000 578 competitores

112 602 187 659 tuos
209 593 404 678 peregrinos
424 594 529 660 videri
543 614 686 662 neeesse
703 592 782 678 orit,
805 595 858 682 qui
874 595 940 660 iem
958 617 1001 675 ex

74 765 77 771 ,
111 703 184 761 tote
205 693 304 759 ltslin
325 692 447 760 dolenti
467 703 578 761 tonum
601 698 642 762 de
660 697 784 761 honore
802 698 895 762 etde
913 697 1002 762 omni
1051 700 1070 768 .'

112 795 274 880 dignitate
302 795 517 862 eontendunti
550 818 687 883 qnorum
708 788 800 863 ‘eave
826 805 863 864 tu
891 818 1002 884 quem·

112 916 211 982 quum
238 895 448 982 peregrinum
477 898 646 984 appeller,
680 920 723 964 ne
751 900 1000 984 peregrinorum

112 998 281 1082 suffragiis
302 998 454 1066 obruere.
499 999 563 1073 Qui
584 998 612 1065 si
632 998 803 1067 attulerint
824 1021 943 1068 nervos
967 1010 1002 1067 et

111 1099 322 1181 industriam,
361 1100 439 1165 mihi
468 1102 587 1184 oredo,
621 1100 789 1168 oxoutient
814 1102 874 1168 tibi
901 1104 1001 1170 istum

110 1200 287 1266 verborum
313 1200 545 1283 iactationem,
577 1209 612 1267 et
639 1209 674 1266 te
696 1221 739 1267 ex
760 1224 874 1268 somno
897 1225 1001 1289 saepe

74 1316 77 1321 “
113 1299 324 1383 excitabunt,
344 1321 409 1367 noo
429 1301 612 1386 patientur,
634 1292 756 1366 soubs
777 1310 829 1387 te,
853 1304 921 1368 nisi
941 1304 1003 1370 vir-

72 1408 184 1470 25tuto
203 1402 392 1487 vincentur,
420 1403 545 1468 honore
567 1404 729 1488 superari.
777 1404 831 1471 Ao
852 1406 896 1481 si,
923 1404 1003 1474 iudi·

112 1525 190 1589 oes,
219 1504 342 1570 ueteris
362 1504 512 1590 petrioiis
532 1526 587 1570 me
610 1511 646 1570 et
664 1527 724 1571 vos
745 1507 940 1590 peregrinos
957 1507 1003 1573 vi·

112 1606 184 1672 dori
207 1613 392 1691 oporteret,
424 1628 447 1670 a
467 1605 639 1693 Torquato
660 1614 773 1672 tamen
800 1609 864 1673 hoo
888 1608 1002 1674 vitium

113 1707 283 1773 silereturr
305 1715 359 1774 est
381 1706 467 1773 onim
489 1707 562 1793 ipso
584 1729 606 1771 a
621 1716 773 1773 materno
791 1730 917 1794 genere
932 1731 1003 1775 mu-

111 1808 281 1893 nioipelis,
313 1807 537 1874 honestissimi
566 1829 607 1873 oo
626 1808 829 1875 nobilissimi
855 1812 1000 1896 generis,

112 1910 173 1974 sed
199 1918 314 1974 temen
335 1908 506 1996 Asoutani.
558 1908 628 1974 Aut
652 1909 753 1994 igitur
782 1911 918 1995 donent,
949 1911 1003 1977 Pi·

95 2006 229 2077 'osntss
251 2010 341 2076 solos
361 2031 427 2074 non
447 2030 526 2074 esse
546 2011 758 2097 peregrinos,
780 2015 1002 2098 rotgaudum

113 2134 173 2178 sno
196 2113 313 2198 generi
331 2133 387 2178 mo
405 2133 515 2178 meum
533 2121 610 2185 onte
628 2134 694 2177 uon
708 2135 843 2200 ponere.
888 2114 1001 2188 Qusrs

111 2235 220 2301 noque
242 2214 530 2300 meperegrinum
551 2216 692 2300 posthoo
706 2215 845 2299 dixeris,
867 2237 910 2282 ne
926 2238 1027 2302 gru·¹
1076 2226 1078 2231 ’

112 2315 184 2382 vius
199 2317 369 2400 refutore,
389 2336 498 2402 neque
512 2336 648 2400 regern,
669 2336 713 2380 no
727 2316 921 2399 deridenre,
938 2319 1002 2383 nisi

111 2416 200 2484 forte
227 2418 357 2504 regium
383 2416 441 2484 tibi
468 2416 596 2482 videtur
625 2415 674 2480 ite
699 2417 828 2500 vivere,
866 2426 905 2483 ut
934 2440 1002 2485 non

112 2521 211 2586 modo
228 2519 350 2584 homini
370 2517 510 2601 nemini,
533 2518 593 2582 sud
614 2538 658 2582 ne
679 2517 849 2612 <tepiditati
870 2519 1001 2607 quidem

112 2620 170 2685 ulli
192 2621 335 2686 servies:
361 2627 580 2687 vcontemnere
602 2639 718 2684 onmes
738 2618 891 2687 libidines
896 2669 909 2706 ,
936 2644 1002 2688 non

114 2721 203 2806 suri,
232 2743 297 2786 non
318 2721 467 2807 argenti,
494 2742 560 2785 non
582 2729 776 2789 oeterni-um,
789 2744 901 2788 rerum
922 2724 1002 2790 indi-

182 2939 244 2997 αἰεὶ
260 2940 374 3022 uirtute
389 2938 560 3027 oinpeotsfr.
595 2942 680 3026 Hspd
699 2925 868 2999 necessaris
886 2946 932 2997 est
943 2944 999 2997 Br-

113 3015 193 3068 nest.
213 3016 400 3077 conlectura,
416 3027 477 3066 mos
494 3021 607 3065 virtuto
622 3022 797 3067 mentor.

181 3076 208 3148 i·
228 3079 272 3135 25.
304 3076 356 3134 Ae
377 3076 414 3134 si.
456 3076 530 3148 „At
554 3079 582 3133 si
607 3095 710 3135 rursus
736 3082 814 3136 011.
840 3081 870 3131 et
894 3091 1000 3133 omnes

114 3145 458 3217 „mesesutsimrnb.“
491 3147 586 3202 orell.
658 3213 689 3229 ..
848 3211 857 3226 ·
886 3213 894 3226 ·

113 3232 202 3364 pm?
218 3226 488 3352 tttttuddt
515 3214 909 3355 inenuntium
925 3214 999 3339 tt.

113 3356 254 3472 mnditia
274 3434 337 3474 nors
354 3431 479 3490 posuere.
530 3416 578 3474 Sio
604 3417 740 3488 plerique
769 3417 861 3474 Godd.
892 3420 998 3476 Venet.

114 3487 199 3540 (drot.
223 3492 254 3541 et
275 3500 361 3556 nouo.
395 3504 459 3543 oon
483 3497 554 3545 ome
573 3502 687 3560 ponere
709 3489 788 3540 lunt.
806 3489 908 3543 Leuni.
952 3485 998 3542 cf.
1073 3517 1077 3525 ·

116 3552 230 3611 deoff.
249 3554 362 3610 111.17.
385 3555 415 3623 Q.
432 3556 477 3610 71.
503 3556 588 3614 mlo
604 3554 689 3614 bouis
700 3553 792 3628 ponit
808 3564 889 3611 ame.
