2212 3908
496 134 584 249 30³⁸.
666 174 701 249 ii
793 188 864 273 ’,ιι-

113 346 150 401 ²⁸
377 296 781 467 oronaonrsonnffmt'·

113 500 194 565 v'ero
215 496 466 565 oonsoeleretes
488 520 531 566 ao
550 500 787 569 net'ories'neo
807 510 929 569 renue
949 525 1005 589 po

114 599 162 666 toi
172 619 238 664 neo
249 598 379 666 tollere.
416 599 528 673 Quare
540 621 607 666 nou
620 622 693 667 sum
706 604 860 688 naseins,
882 613 1003 690 quanto

113 699 263 788 periculo
275 701 383 767 vivam
395 700 428 764 iu
441 708 537 777 teuta
551 702 756 769 multitudine
770 703 1004 790 improborum,

114 823 212 888 quum
229 802 307 868 mihi
322 801 378 865 uni
398 822 474 866 oum
493 801 642 867 omuibus
659 803 817 889 improbis
833 814 1006 872 aeternum

117 903 249 970 videam
270 902 395 968 bellum
418 924 496 968 esse
516 911 721 988 suseeptuno.

74 1003 114 1059 ²9
179 1003 260 1069 Gar.
282 1003 327 1068 X.
363 1002 458 1076 (leod
480 1003 508 1068 si
529 1002 595 1067 illis
617 1003 701 1070 meis
721 1005 896 1090 praesidiis
917 1001 1049 1074 forteid

113 1106 257 1189 invides,
281 1112 316 1171 et
328 1103 356 1169 si
371 1125 413 1171 ea
425 1105 483 1170 tibi
494 1104 591 1190 regia
602 1105 769 1190 videntur,
791 1107 878 1193 quod
889 1128 1006 1173 omnes

117 1206 192 1274 boni
213 1207 357 1271 omnium
379 1228 539 1291 generum
560 1216 661 1293 etque
676 1208 825 1273 ordinum
844 1228 937 1273 suam
955 1230 1008 1273 sa·

114 1307 219 1375 lntem
232 1329 308 1374 eum
323 1330 402 1375 mea
416 1309 632 1394 ooniungunt,
656 1309 831 1375 oouaolere
845 1319 898 1394 te,
921 1312 1006 1395 quod

120 1409 263 1474 omnium
292 1417 423 1476 mentes
443 1409 665 1496 improborum
687 1411 765 1476 mihi
784 1412 841 1475 uni
862 1411 1007 1476 maxime

44 1590 51 1599 ν
115 1519 192 1577 aunt
211 1508 365 1576 infensae
388 1519 422 1577 et
443 1512 623 1590 adversae,
655 1512 709 1595 qui
731 1532 785 1576 me
807 1531 872 1574 non
900 1513 1005 1578 solum

115 1612 239 1679 idoiroo
261 1614 417 1691 oderunt,
438 1611 525 1695 quod
548 1631 662 1675 eornm
681 1618 819 1677 oouatus
836 1612 955 1697 impios
971 1620 1007 1678 et

27 1701 29 1708 ’
114 1712 261 1778 furorem
283 1709 549 1775 oonsoeleretum
568 1711 734 1795 repressi,
757 1713 818 1777 sed
840 1733 880 1778 eo
904 1709 1005 1779 etiam

116 1812 247 1898 magis,
264 1810 350 1898 quod
365 1810 525 1876 nihilium
542 1832 581 1877 se
598 1811 706 1878 simile
723 1833 778 1878 mo
798 1812 870 1878 vivo
892 1814 1006 1880 eonari

75 1929 217 2002 ooposso
236 1912 446 1980 arbitrantur.
488 1911 534 1981 At
551 1932 629 1979 voro
651 1915 728 2002 quid
749 1936 814 2000 ego
836 1914 953 1998 miror,
977 1915 1006 1978 si

116 2016 193 2102 quid
214 2014 257 2079 ab
278 2012 437 2098 improbis
452 2015 494 2080 de
509 2035 565 2080 ure
582 2015 733 2099 improbe
749 2016 883 2100 dieitur,
906 2037 1005 2103 quom

16 2109 18 2113 ¹
115 2117 157 2184 L.
185 2115 377 2200 Torquatus
415 2104 556 2199 primum
592 2114 666 2200 ipso
686 2114 751 2181 'his
780 2116 1005 2183 fundamentis

95 2215 366 2284 ‘adolesoentiee
386 2214 500 2299 iootis,
536 2235 580 2280 ea
600 2237 661 2300 spe
682 2217 852 2302 proposita
873 2217 1006 2302 amplis·

116 2319 223 2385 simae
249 2316 437 2403 dignitatis,
467 2315 586 2381 deinde
600 2316 657 2383 ln.
685 2317 866 2403 Torquati,
896 2318 1005 2385 fortis-

117 2421 194 2488 simi
221 2418 386 2503 oonsnlie,
418 2417 677 2484 oonstantissimi
705 2418 886 2502 senatoris,
918 2440 1005 2486 sem·

115 2543 178 2609 per
198 2520 312 2606 optimi
331 2520 431 2604 oivis,
458 2518 561 2603 filius,
582 2519 748 2585 interdurn
768 2521 926 2587 efferatur
946 2521 1005 2588 inr-

116 2622 345 2688 moderatione
374 2621 570 2688 verboruml
608 2621 662 2706 qui
692 2641 791 2707 quum
821 2643 1005 2709 suppressa

115 2744 199 2789 vooe
222 2723 263 2787 de
285 2720 417 2789 eoelere
438 2721 478 2787 P.
500 2721 651 2806 Lentuli,
684 2723 726 2788 de
755 2725 897 2791 audooie
926 2746 1003 2791 oon·

115 2823 296 2890 iuratorum
324 2823 466 2888 omnium
497 2823 651 2907 dixisset,
681 2831 810 2891 tautum
841 2827 938 2891 modo
966 2832 1003 2889 ut

115 2947 192 3010 vos,
223 2923 277 3011 qui
304 2944 346 2990 ea
372 2923 538 3010 probatis,
575 2925 734 2992 exaudire
760 2927 921 3012 possetis,
960 2927 1002 2990 de

117 3027 276 3115 snpplioio
303 3026 343 3091 P.
369 3025 521 3109 Lentuli,
560 3028 602 3093 de
630 3048 786 3114 oeroere,
818 3047 940 3112 magne
967 3034 1003 3093 et

76 3117 418 3214 o1queribundavooe
433 3126 577 3195 dioebot.
618 3128 658 3195 ln
674 3152 736 3219 quo
758 3128 899 3215 primurn
920 3127 1002 3195 illud
1020 3140 1023 3147 '

183 3414 212 3483 θ’
222 3414 266 3470 ²⁹
284 3415 525 3473 mmmm·
555 3416 759 3485 ‚reclamem
773 3430 790 3470 e
804 3415 877 3496 (iod.
892 3417 999 3471 Dread.

102 3455 705 3617 ,ffiffffl‘gffipmtlssmm
732 3501 792 3558 <1⁰⁰
814 3501 876 3541 Μ
898 3484 1001 3555 puello
