2212 3908
52 388 55 392 ¹
148 317 183 372 n
305 326 308 333 ·
414 321 607 378 credemus
624 321 773 379 onemo
808 323 840 372 Α
951 383 958 392 ,

148 491 271 556 petens
289 470 384 557 eius,
411 473 509 538 homo
531 476 777 541 amentissimus
799 477 947 562 penius,
970 499 1038 545 mn·

149 572 228 637 ximi
247 571 363 656 enimi,
386 573 507 638 summi
522 576 666 661 consilii,
690 576 867 662 singularis
886 580 1038 646 consten-
1072 653 1076 664 ‚

126 673 233 757 ties,
256 694 354 758 quum
377 682 469 740 esset
488 696 610 760 aeger,
633 679 747 742 teinen
766 679 1036 746 omnituentes

148 771 213 838 illis
241 774 405 859 interfuit,
436 780 612 862 nunqnam
641 785 695 843 est
723 798 745 841 e
771 798 826 844 me
850 779 1037 866 digressus,

150 875 275 956 studio,
308 876 468 959 oonsilio,-
498 878 705 960 enetoritete.
720 900 811 943 unus
826 882 949 947 adiuvit
970 882 1039 969 plu

148 976 283 1059 nimum,
317 997 415 1063 quum
441 975 841 1065 infirmitatem'eorporis
857 981 957 1046 enimi
978 983 1038 1048 vir·

47 1123 48 1126 η
108 1079 420 1162 sttutesupereret.
464 1078 630 1165 videsne,
652 1088 690 1146 ut
706 1081 897 1168 eripiemte
918 1102 961 1148 ex
980 1086 1040 1148 im-

147 1177 325 1264 proborum
356 1179 465 1265 subite
495 1181 608 1266 gretie
636 1189 670 1249 et
698 1181 1038 1250 reeenoiliem.bonis

149 1274 328 1348 omnibusl'
352 1281 461 1368 quite
485 1291 520 1349 et
541 1283 680 1369 diligunt
702 1293 736 1351 et
756 1284 900 1351 retinent
919 1285 1040 1352 retine-
1072 1328 1078 1337 ·

148 1381 293 1470 buntque
310 1390 461 1469 semper,
482 1406 547 1451 nee
569 1385 642 1451 sie
662 1407 716 1451 me
738 1386 824 1451 forte
847 1384 1038 1470 desereris,

148 1484 274 1550 ideireo
295 1491 330 1550 te
352 1506 375 1551 e
396 1507 435 1551 se
458 1497 493 1551 et
511 1508 534 1550 e
553 1488 592 1550 re
614 1485 923 1570 publicoetfedue
939 1487 1041 1572 digni-

149 1592 220 1652 tate
238 1584 382 1651 deficere
400 1587 574 1669 patientur.
618 1585 689 1650 Sed
703 1585 949 1652 iamrsueozud
964 1590 1041 1652 ee'u·

150 1709 241 1771 sem,
265 1696 365 1771 atque
386 1687 547 1768 hessos,
574 1684 719 1771 indices,
748 1694 869 1752 testor:
897 1689 975 1753 mihi
998 1691 1039 1756 de

150 1793 275 1854 memet
285 1785 367 1871 ipso
383 1793 453 1852 tem
472 1785 576 1852 multe
592 1786 722 1853 dicendi
736 1789 924 1855 necessitas
942 1810 1042 1876 quee-

149 1891 227 1957 dem
254 1888 410 1974 imposito
436 1895 489 1953 est
510 1887 553 1953 eb
573 1887 642 1954 illo:
691 1890 777 1955 Nem
799 1890 828 1956 ‘si
848 1890 1040 1977 Tortpmtus

150 1990 279 2057 Sullam
296 1989 402 2054 solum
418 1996 631 2072 eeeusnsset,
654 2011 718 2075 ego
736 1994 942 2077 queque'lree
959 2001 1042 2059 tem·

149 2112 231 2179 pere
251 2087 331 2155 nihil
353 2089 443 2154 eliud
464 2110 603 2173 egerem
624 2090 687 2155 nisi
710 2112 812 2175 eum,.
827 2093 882 2176 qui
904 2114 1040 2160 secuse

149 2203 204 2260 tus
222 2197 331 2274 esset,
354 2188 587 2271 defenderem3
608 2191 670 2257 sed
691 2211 790 2276 quum
811 2191 869 2257 ille
888 2200 962 2258 tete
982 2193 1042 2259 ille

149 2294 300 2360 oratione
321 2292 355 2356 in
376 2312 431 2356 me
453 2298 545 2357 esset
565 2292 732 2376 invectus,
760 2301 797 2360 et
815 2313 921 2378 quum,
935 2293 1039 2378 initio,

150 2405 193 2464 nt⁴
203 2394 287 2478 dixi,
309 2391 538 2460 defensionem
551 2413 662 2459 meam
679 2393 878 2461 austeritate
894 2395 1040 2481 spoliare

79 2594 81 2598 ·
150 2580 298 2636 rideatur.
338 2580 497 2634 Praetereo
518 2579 612 2635 orell.
636 2577 671 2632 in
693 2577 796 2647 priore
818 2579 952 2635 membro
977 2579 1040 2637 edi·

153 2646 196 2703 dit
221 2657 323 2715 actor,
357 2645 427 2715 qrrie
454 2663 561 2716 perum
585 2644 623 2700 eit
645 2645 805 2716 credibile,
840 2651 1042 2703 contuberna-

151 2718 212 2771 lem
236 2717 454 2768 adolescentem
470 2730 495 2770 ,ιι
514 2713 617 2767 ΤιιΙΙίο
636 2722 785 2768 auctorem
803 2714 903 2770 soceri
920 2733 1040 2773 suorum

152 2781 353 2903 consillllorum.
405 2781 465 2837 Sed
489 2781 567 2835 hunc
591 2779 806 2839 dubitationem
832 2785 908 2838 hene
935 2781 1040 2839 reiecit

151 2854 230 2908 Mett
254 2887 264 2904 .
892 2888 896 2895 ·

151 2942 173 2955 ··
219 2917 380 2988 digressus.
416 2917 521 2970 Lemb.
548 2916 714 2986 degressus.
748 2921 920 2988 Perpetem.

167 3018 171 3029 ·
219 2989 247 3058 §-
265 2985 309 3041 35·
337 2983 508 3038 eecemitos.
521 2986 671 3058 quaedem
692 2987 834 3069 impositu
855 2996 908 3041 est.
951 2987 1038 3039 laem-

152 3056 216 3112 bin.
234 3051 437 3110 necessitatem
454 3054 610 3125 quaedem
626 3052 797 3124 impositam
815 3071 875 3108 esse
891 3068 931 3107 ex
944 3054 1038 3107 Pseu·

152 3125 299 3180 ‹to-cod.
317 3120 447 3189 HSteph.
466 3120 516 3190 qui
535 3130 636 3177 temen
654 3122 764 3178 emittit
781 3137 851 3176 esse.
892 3121 948 3175 Vul
972 3129 1039 3176 etue

151 3190 332 3247 reiiciendee
346 3190 431 3244 nulle
446 3204 574 3257 prorsus
586 3205 673 3244 ceusu
691 3198 764 3245 eret.
798 3187 912 3268 otgit.
967 3226 975 3242 .
993 3189 1037 3244 to.

153 3258 246 3315 stite
270 3257 382 3313 centies
407 3257 509 3313 Cicero
533 3258 647 3328 puriter
677 3265 764 3328 etque
795 3262 901 3326 optimu
928 3257 1038 3327 ursique

151 3331 342 3382 Graecorum.
446 3355 449 3361 ·

220 3392 299 3447 nteit
319 3392 408 3448 uliud
430 3408 559 3462 agerem.
611 3390 685 3446 Sine
711 3405 801 3446 cause
823 3389 980 3444 Ernestius
1005 3405 1037 3446 ι’.
1088 3438 1092 3445 .

154 3478 273 3532 egerem
297 3460 415 3516 uncinis
437 3459 540 3530 sepsit.
583 3461 643 3513 Nee
665 3474 737 3513 rere
763 3458 968 3514 neceesarium
992 3465 1039 3512 est

141 3531 230 3596 quod
242 3527 326 3583 idem
343 3524 514 3601 suspicetur
525 3523 695 3615 flagitabat
711 3543 767 3599 pre
779 3525 963 3600 flagitasset.
